<?xml version="1.0" encoding="UTF-8"?><record xmlns="http://www.loc.gov/MARC21/slim" xmlns:cinclude="http://apache.org/cocoon/include/1.0" xmlns:zs="http://www.loc.gov/zing/srw/">
  <leader>00595cz  a2200145n  4500</leader>
  <controlfield tag="001">n  82262633 </controlfield>
  <controlfield tag="003">DLC</controlfield>
  <controlfield tag="005">20081206075241.0</controlfield>
  <controlfield tag="008">840403n| acannaabn          |a ana      </controlfield>
  <datafield tag="010" ind1=" " ind2=" ">
    <subfield code="a">n  82262633 </subfield>
  </datafield>
  <datafield tag="035" ind1=" " ind2=" ">
    <subfield code="a">(OCoLC)oca01085031</subfield>
  </datafield>
  <datafield tag="040" ind1=" " ind2=" ">
    <subfield code="a">DLC</subfield>
    <subfield code="b">eng</subfield>
    <subfield code="c">DLC</subfield>
    <subfield code="d">DLC</subfield>
    <subfield code="d">OCoLC</subfield>
  </datafield>
  <datafield tag="110" ind1="2" ind2=" ">
    <subfield code="a">Bezirksausschuss der Ostwestfälisch-Lippischen Jungsozialisten</subfield>
  </datafield>
  <datafield tag="410" ind1="2" ind2=" ">
    <subfield code="a">Jungsozialisten in der SPD.</subfield>
    <subfield code="b">Bezirksausschuss der Ostwestfälisch-Lippischen Jungsozialisten</subfield>
  </datafield>
  <datafield tag="670" ind1=" " ind2=" ">
    <subfield code="a">Herforder Thesen zur Arbeit von Marxisten in der SPD, c1980:</subfield>
    <subfield code="b">p. 5 (Bezirksausschuss der Ostwestälisch-Lippischen Jungsozialisten)</subfield>
  </datafield>
</record>